<record><leader>00000cas a22000007a 4500</leader><controlfield tag="001">20175255</controlfield><controlfield tag="008">890814d191519uugauwr ne      0    0eng d</controlfield><datafield ind1=" " ind2=" " tag="010"><subfield code="a">sn 89053511 </subfield></datafield><datafield ind1=" " ind2=" " tag="040"><subfield code="a">NLG</subfield><subfield code="b">eng</subfield><subfield code="c">NLG</subfield><subfield code="d">OCLCQ</subfield></datafield><datafield ind1=" " ind2=" " tag="042"><subfield code="a">msc</subfield></datafield><datafield ind1="0" ind2=" " tag="130"><subfield code="a">News-herald (East Point, Ga.)</subfield></datafield><datafield ind1="1" ind2="4" tag="245"><subfield code="a">The news-herald.</subfield></datafield><datafield ind1=" " ind2=" " tag="260"><subfield code="a">East Point, Ga. :</subfield><subfield code="b">News-Herald Co.</subfield></datafield><datafield ind1=" " ind2=" " tag="300"><subfield code="a">v.</subfield></datafield><datafield ind1=" " ind2=" " tag="310"><subfield code="a">Weekly</subfield></datafield><datafield ind1="1" ind2=" " tag="362"><subfield code="a">Began in 1915?</subfield></datafield><datafield ind1=" " ind2=" " tag="588"><subfield code="a">Description based on: Vol. 6, no. 51 (Apr. 23, 1915).</subfield></datafield><datafield ind1=" " ind2=" " tag="752"><subfield code="a">United States</subfield><subfield code="b">Georgia</subfield><subfield code="c">Fulton</subfield><subfield code="d">East Point.</subfield></datafield><datafield ind1="0" ind2="0" tag="780"><subfield code="t">South Fulton news-herald</subfield><subfield code="w">(DLC)sn 89053546</subfield></datafield></record>